@article{Fortune_Hopcroft,
  title    = {A note on Rabin's nearest-neighbor algorithm},
  journal  = {Information Processing Letters},
  volume   = {8},
  number   = {1},
  pages    = {20-23},
  year     = {1979},
  issn     = {0020-0190},
  doi      = {https://doi.org/10.1016/0020-0190(79)90085-1},
  url      = {https://www.sciencedirect.com/science/article/pii/0020019079900851},
  author   = {Steve Fortune and John Hopcroft},
  keywords = {Probabilistic algorithms, nearest neighbor, hashing}
}

@inproceedings{closest_pair_definition,
  author    = {Shamos, Michael Ian and Hoey, Dan},
  booktitle = {16th Annual Symposium on Foundations of Computer Science (sfcs 1975)},
  title     = {Closest-point problems},
  year      = {1975},
  volume    = {},
  number    = {},
  pages     = {151-162},
  doi       = {10.1109/SFCS.1975.8}
}

#Maybe we will check this sometime
@article{ge2006improved,
  title     = {An improved algorithm for finding the closest pair of points},
  author    = {Ge, Qi and Wang, Hai-Tao and Zhu, Hong},
  journal   = {Journal of computer Science and Technology},
  volume    = {21},
  number    = {1},
  pages     = {27--31},
  year      = {2006},
  publisher = {Springer}
}